@inproceedings{Alexa:2000,
 author = {Alexa, M. and Cohen-Or, D. and Levin, D.},
 title = {As-rigid-as-possible Shape Interpolation},
 booktitle = {Proc. of the 27th Annual Conference on Computer Graphics and Interactive Techniques},
 series = {SIGGRAPH '00},
 year = {2000},
 pages = {157--164},
 numpages = {8},
 address = {NY, USA},
} 
@inproceedings{Hertzmann:2001,
 author = {Hertzmann, Aaron and Jacobs, Charles E. and Oliver, Nuria and Curless, Brian and Salesin, David H.},
 title = {Image Analogies},
 booktitle = {Proceedings of the 28th Annual Conference on Computer Graphics and Interactive Techniques},
 series = {SIGGRAPH '01},
 year = {2001},
 isbn = {1-58113-374-X},
 pages = {327--340},
 numpages = {14},
} 
